@misc{grabcad_robot_arm_6dof,
  author = {GrabCAD},
  title = {6DOF Robot Arm},
  year = {2021},
  url = {https://grabcad.com/library/6dof-robot-arm-1}
}

@misc{grabcad_robotic_arm_216,
  author = {GrabCAD},
  title = {Robotic Arm 216},
  year = {2021},
  url = {https://grabcad.com/library/robotic-arm-216}
}

@misc{grabcad_robotic_gripper_17,
  author = {GrabCAD},
  title = {Robotic Gripper 17},
  year = {2021},
  url = {https://grabcad.com/library/robotic-gripper-17}
}

@misc{grabcad_sea_reach_robot_arm,
  author = {GrabCAD},
  title = {Sea Reach: A Scalable Deep Sea Robotic Arm},
  year = {2021},
  url = {https://grabcad.com/library/sea-reach-a-scalable-deep-sea-robotic-arm-1}
}

@misc{youtube_robot_arm_link,
  author = {Thang010146},
  title = {Robot Arm Link},
  year = {2021},
  url = {https://www.youtube.com/watch?v=EnAk36jC7bw}
}

@misc{youtube_robot_arm_mdf,
  author = {Robodacta},
  title = {Robot Arm MDF Model},
  year = {2021},
  url = {https://www.youtube.com/watch?v=4o_VI7fw6D8}
}

@misc{mercadolibre_robot_arm,
  author = {Mercado Libre},
  title = {Kit Robot Brazo Arduino},
  year = {2021},
  url = {https://www.mercadolibre.com.uy/kit-robot-brazo--arduino-con-garra-electronica-manual-x-pc/up/MLUU2434320873#polycard_client=search-nordic&search_layout=stack&position=2&type=product&tracking_id=5621c8d5-293c-49de-ae85-3478bbfff815&wid=MLU455624003&sid=search}
}
